@article{parikh1980adaptive,
  title={An adaptive lattice algorithm for recursive filters},
  author={Parikh, D and Ahmed, N and Stearns, SDSD},
  journal={Acoustics, Speech and Signal Processing, IEEE Transactions on},
  volume={28},
  number={1},
  pages={110--111},
  year={1980},
  publisher={IEEE}
}

@book{Xbook,
    author    = "",
    title     = "",
    publisher = "",
    year      = "XXXX",
    %edition  = "",
    %volume   = "",
    %number   = "",
    %series   = "",
    %address  = "",
    %month    = "",
    %note     = "",
}

% Books
@book{elementary-applied-topology,
    title     = "Elementary Applied Topology",
    author    = "Robert Ghrist",
    publisher = "Createspace",
    edition   = "1",
    year      = "2014",
}

@book{algebraic-topology,
    title     = "Algebraic Topology",
    author    = "Allen Hatcher",
    publisher = "Cambridge University Press ",
    edition   = "1",
    year      = "2002",
}

@book{combinatorial-algebraic-topology,
    title     = "Combinatorial Algebraic Topology",
    author    = "Dmitry Kozlov",
    publisher = "Springer ",
    edition   = "1",
    year      = "2008",
    volume    = "21",
    series    = "Algorithms and Computation in Mathematics",
}

@book{lin-alg-done-right,
  title     = "Linear Algebra Done Right",
  author    = "Sheldon Axler",
  publisher = "Springer ",
  edition   = "3",
  year      = "2015",
}

@book{comp-topo,
    title     = "Computational Topology, An Introduction",
    author    = "Herbert Edelsbrunner and John Harer",
    publisher = "Americal Methematical Society",
    edition   = "1",
    year      = "2013",
}


@book{intro-topo,
    title     = "Introduction to Topology",
    author    = "Bert Mendelson",
    publisher = "Dover",
    edition   = "3",
    year      = "1990",
}

@book{topo-for-computing,
    title     = "Topology for Computing",
    author    = "Afra J. Zomorodian",
    publisher = "Cambridge University Press",
    edition   = "1",
    year      = "2009",
}


@book{morse-theory-book,
    title     = "An Introductino to Morse Theory",
    author    = "Yukoi Matsumoto",
    publisher = "American Mathematical Society",
    edition   = "1",
    year      = "2002",
    volume    = "208",
    series    = "Translation of Mathematical Monograms",
}

@book{morse-theory-book-milnor,
    title     = "Morse Theory",
    author    = "J. Milnor",
    publisher = "Princeton University Press",
    edition   = "1",
    year      = "1963",
}



% Articles

@article{Xarticle,
    author    = "",
    title     = "",
    journal   = "",
    year      = "XXXX",
    %volume   = "",
    %number   = "",
    %pages    = "",
    %month    = "",
    %note     = "",
}

@incollection{ph-a-survey,
    author = {Edelsbrunner, Herbert and Harer, John},
    year = {2008},
    month = {01},
    pages = {},
    title = {Persistent homology - A survey},
    volume = {453},
    booktitle = {Surveys on Discrete and Computational Geometry}
}

@mastersthesis{carr-masters,
    title     = "Efficient Generation of Contour Trees in Three Dimensions",
    author    = "Hamish Carr",
    school    = "The University of British Columbia",
    year      = "2000",
}

@inproceedings{ct-big-paper,
    author = {Carr, Hamish and Snoeyink, Jack and Axen, Ulrike},
    title = {Computing Contour Trees in All Dimensions},
    booktitle = {Proceedings of the Eleventh Annual ACM-SIAM Symposium on Discrete Algorithms},
    series = {SODA '00},
    year = {2000},
    isbn = {0-89871-453-2},
    location = {San Francisco, California, USA},
    pages = {918--926},
    numpages = {9},
    url = {http://dl.acm.org/citation.cfm?id=338219.338659},
    acmid = {338659},
    publisher = {Society for Industrial and Applied Mathematics},
    address = {Philadelphia, PA, USA},
}


" Finish this
@article{ct-branch-decomp,
  author = {Pascucci, Valerio and Cole-McLaughlin, Kree and Scorzelli, Giorgio},
  year = {2004},
  month = {01},
  pages = {},
  title = {Multi-Resolution Computation and Presentation of Contour Trees}
}

@article{persistence-original,
    author = {Edelsbrunner, Herbert and Letscher, David and Zomorodian, Afra},
    title = {Topological Persistence and Simplification},
    journal = {Discrete Comput. Geom.},
    issue_date = {November  2002},
    volume = {28},
    number = {4},
    month = nov,
    year = {2002},
    issn = {0179-5376},
    pages = {511--533},
    numpages = {23},
    url = {http://dx.doi.org/10.1007/s00454-002-2885-2},
    doi = {10.1007/s00454-002-2885-2},
    acmid = {2666893},
    publisher = {Springer-Verlag New York, Inc.},
    address = {Secaucus, NJ, USA},
}

@article{persistence-extended,
    author = {Cohen-Steiner, David and Edelsbrunner, Herbert and Harer, John},
    year = {2009},
    month = {02},
    pages = {79-103},
    title = {Extending Persistence Using Poincaré and Lefschetz Duality},
    volume = {9},
    booktitle = {Foundations of Computational Mathematics}
}


@article{extreme-elevation,
  title={Extreme Elevation on a 2-Manifold},
  author={Pankaj K. Agarwal, Herbert Edelsbrunner, John Harer and Yusu Wang}
}

@article{blq-blq,
  title={blq},
  author={blq blq blq blq }
}

@article{folded-molecules,
  title={Extended Topological Persistence and Contact Arrangements in Folded Linear Molecules},
  author={Sara Kališnik Verovšek and Alireza Mashaghi}
}

@article{hemo-globin,
  title={Shape complementarity at the hemo-globin albl subunit interface},
  author={M. L. Connolly}
}

@article{topo-hierarchy,
  title={A Topological Hierarchy for Functions on Triangulated Surfaces},
  author={Peer-Timo Bremer, Herbert Edelsbrunner, Bernd Hamann and Valerio Pascucci}
}

@article{fiber-surfaces,
  title={Fiber Surfaces: Generalizing Isosurfaces to Bivariate Data},
  author={Hamish Carr, Zhao Geng, Julien Tierny, Amit Chattopadhyay and Aaron Knoll}
}

@article{flexible-isosurfaces,
  title={Flexible isosurfaces: Simplifying and displaying scalar topology using the contour tree},
  author={Hamish Carr, Jack Snoeyink Michiel van de Panne}
}

@article{parallel-peak-pruning,
  title={Parallel Peak Pruning for Scalable SMP Contour Tree Computation},
  author={Hamish Carr, Gunther H. Weber, Christopher M. Sewel and James P. Ahrens}
}

@article{pathological-test-cases,
  title={Pathological and Test Cases For Reeb Analysis},
  author={Hamish Carr, Gunther H. Weber and Julien Tierny}
}

@article{reeb-graph-brain,
  title={Persistent Reeb Graph Matching for Fast Brain Search},
  author={Yonggang Shi, Junning Li and Arthur W. Toga}
}

@article{topo-and-data,
  title={Topology and Data},
  author={Gunnar Carlsson}
}

@article{reeb-shape-analysis,
  title={Reeb graphs for shape analysis and applications},
  author={S. Biasotti, D. Giorgi, M. Spagnuolo, B. Falcidieno}
}

@article{structural-recognition,
  title={Persistence-Based Structural Recognition},
  author={Chunyuan Li, M. Ovsjanikov and F. Chazal}
}

@article{structural-recognition,
  title={Persistence-Based Structural Recognition},
  author={Chunyuan Li, M. Ovsjanikov and F. Chazal}
}


@article{curvature-embeded-polyhedra,
  title={Critical Points and Curvature for Embedded Polyhedra},
  author={Thomas F. Banchoff}
}


@article{first-ct-algo,
  title={Contour trees and small seed sets for isosurface traversal},
  author={M. van Kreveld, R. van Oostrum, C. Bajaj, V. Pascucci and D. Schikore}
}

@article{second-ct-algo,
  title={Construction of contour trees in 3D in O(n log n) steps},
  author={S. P. Tarasov and M. N. Vyalyi}
}

@article{distributed-ct-algo,
  title={Distributed Merge Trees},
  author={D. Morozov and G. Weber}
}

@article{distributed-ct-algo-2,
  title={Parallel Computation of the Topology of Level Sets},
  author={V. Pascucci and K. Cole-McLaughlin}
}

@article{parallel-ct-1,
  title={A hybrid parallel algorithm for computing and tracking level set topology},
  author={S. Maadasamy, H. Doraiswamy and V. Natarajan}
}

Introduction to Algorithms
@article{barcodes,
  title={BARCODES: THE PERSISTENT TOPOLOGY OF DATA},
  author={Robert Ghrist}
}










topo-and-data








Extended Topological Persistence and Contact Arrangements in Folded Linear Molecules
Sara Kališnik Verovšek 1 and Alireza Mashaghi 2*
1 Department o
